@online{digitalocean0319,
	author 	= "Ostzer & Mark Drake",
	title 	= "SQLite vs MySQL vs PostgreSQL: A Comparison Of Relational Database Management Systems",
	urldate = {2019-03-19},
	url 	= {https://www.digitalocean.com/community/tutorials/sqlite-vs-mysql-vs-postgresql-a-comparison-of-relational-database-management-systems}
}